<record><leader>00000cas a22000007a 4500</leader><controlfield tag="001">12435057</controlfield><controlfield tag="008">850828d18791880wiuwr ne      0    0eng d</controlfield><datafield ind1=" " ind2=" " tag="010"><subfield code="a">sn 85041135 </subfield></datafield><datafield ind1=" " ind2=" " tag="040"><subfield code="a">NPV</subfield><subfield code="b">eng</subfield><subfield code="c">NPV</subfield><subfield code="d">OCLCQ</subfield></datafield><datafield ind1=" " ind2=" " tag="042"><subfield code="a">msc</subfield></datafield><datafield ind1=" " ind2=" " tag="045"><subfield code="a">w7w8</subfield></datafield><datafield ind1=" " ind2=" " tag="052"><subfield code="a">4123</subfield><subfield code="b">O9</subfield></datafield><datafield ind1="0" ind2="0" tag="245"><subfield code="a">Cedarburg enterprise.</subfield></datafield><datafield ind1=" " ind2=" " tag="260"><subfield code="a">Cedarburg, Wis. :</subfield><subfield code="b">[Hilgen &amp; Meyer],</subfield><subfield code="c">-1880.</subfield></datafield><datafield ind1=" " ind2=" " tag="300"><subfield code="a">v.</subfield></datafield><datafield ind1=" " ind2=" " tag="310"><subfield code="a">Weekly</subfield></datafield><datafield ind1="0" ind2=" " tag="362"><subfield code="a">-v. 2, no. 34 (Dec. 29, 1880).</subfield></datafield><datafield ind1="1" ind2=" " tag="362"><subfield code="a">Began in May 1879.</subfield><subfield code="z">Cf. Oehlerts, d. E. Guide to Wis. newspapers.</subfield></datafield><datafield ind1=" " ind2=" " tag="500"><subfield code="a">Editor: J.H. Hilgen &amp; F. Meyer.</subfield></datafield><datafield ind1=" " ind2=" " tag="530"><subfield code="a">Available on microfilm from The State Historical Society of Wisconsin.</subfield></datafield><datafield ind1=" " ind2=" " tag="588"><subfield code="a">Description based on: Vol. 1, no. 44 (Mar. 10, 1880).</subfield></datafield><datafield ind1=" " ind2=" " tag="752"><subfield code="a">United States</subfield><subfield code="b">Wisconsin</subfield><subfield code="c">Ozaukee</subfield><subfield code="d">Cedarburg.</subfield></datafield><datafield ind1="0" ind2="0" tag="785"><subfield code="t">Ozaukee County enterprise</subfield><subfield code="w">(DLC)sn 85041136</subfield></datafield></record>